@book{lop:1997:ASC,
  author = "Dimitris Bertsimas and John N. Tsitsiklis",
  title = "Introduction to Linear Optimization",
  year = 1997,
  publisher = "Athena Scientific",
}

